<?xml version="1.0" encoding="UTF-8"?><collection xmlns="http://www.loc.gov/MARC21/slim"><record><leader>00477nam--2200157-i-4500</leader><controlfield tag="001">000012956</controlfield><controlfield tag="002">20161230</controlfield><controlfield tag="005">20170305231646</controlfield><controlfield tag="008">060222s1000------------r-----000-0-eng-d</controlfield><datafield ind1=" " ind2=" " tag="245"><subfield code="a">Differential geometrical methods in mathematical physics II. Proceedings, University of Bonn</subfield></datafield><datafield ind1=" " ind2=" " tag="260"><subfield code="a">Berlin</subfield><subfield code="b">Springer-verlag</subfield><subfield code="c">1978</subfield></datafield><datafield ind1=" " ind2=" " tag="300"><subfield code="a">IV+626 p</subfield></datafield><datafield ind1=" " ind2=" " tag="490"><subfield code="a">Lecture Notes In Mathematics</subfield></datafield><datafield ind1=" " ind2=" " tag="700"><subfield code="a">Bleuler, K</subfield></datafield><datafield ind1=" " ind2=" " tag="852"><subfield code="a">514.76:530.145:530.12</subfield></datafield><datafield ind1=" " ind2=" " tag="CAT"><subfield code="a">SYS</subfield><subfield code="c">20170305</subfield><subfield code="h">231646</subfield></datafield></record></collection>